@article{lgz,
	author = {刘备, 关羽, 张飞},
	title = {桃园三结义},
	journal = {三国演义},
	volume = {卷20},
	number = {页码},
	year = {1234}
}
@book{xyj,
	author ="吴承恩",
	year="1666",
	title="西游记",
	publisher ="不知道出版社"
}
